@article{VanBuren1999,
  title={Multiple imputation of missing blood pressure covariates in survival analysis},
  author={Van Buuren, Stef and Boshuizen, Hendriek C and Knook, Dick L},
  journal={Statistics in medicine},
  volume={18},
  number={6},
  pages={681--694},
  year={1999},
  publisher={Wiley Online Library}
}


@techreport{Grabka2013,
  title={Preparation of data from the New SOEP Consumption Module: Editing, imputation, and smoothing},
  author={Marcus, Jan and Siegers, Rainer and Grabka, Markus M},
  year={2013},
  institution={DIW Data Documentation}
}